% I need a better way of doing this...
% the following is parsed by anystyle.io

@article{berger1966a,
  author = {Berger, Robert},
  date = {1966},
  title = {The undecidability of the domino problem},
  volume = {66},
  pages = {72},
  language = {en},
  journal = {Memoirs of the American Mathematical Society}
}
@incollection{butts-a,
  editor = {Butts, Robert and Hintikka, Jaakko},
  publisher = {Reidel},
  language = {zu},
  booktitle = {1977]. Logic, Foundations of Mathematics, and Computability Theory},
  address = {Dordecht}
}
@incollection{davis2011a,
  author = {Davis, Martin},
  date = {2011},
  title = {Hao Wang’s Contribution to Mechanized Deduction and to the Entscheidunsproblem},
  pages = {73–118},
  language = {en},
  booktitle = {Parsons and Link [2011}
}
@incollection{egan1995a,
  author = {Egan, Greg},
  date = {1995},
  title = {Wang’s Carpets},
  editor = {Bear, Greg},
  language = {en},
  booktitle = {New Legends, a collection of short stories},
  address = {London}
}
@incollection{feferman2006a,
  author = {Feferman, Solomon},
  date = {2006},
  editor = {Parson, Charles and Simpson, Steven},
  publisher = {Cambridge University Press},
  language = {hu},
  booktitle = {Kurt Gödel: Essays for His Centennial}
}
@incollection{unknown-a,
  author = {[2005]., __________},
  title = {Predicativity},
  editor = {Shapiro, S.},
  publisher = {Oxford University Press},
  pages = {590–624},
  language = {en},
  booktitle = {The Oxford Handbook of Philosophy of Mathematics and Logic},
  address = {Oxford}
}
@incollection{unknown1998a,
  author = {[1988, __________},
  title = {Weyl Vindicated: Das Kontinuum seventy years later’},
  note = {reprinted in S. Feferman,},
  publisher = {Oxford University Press},
  date = {1998},
  pages = {249–283},
  language = {en},
  booktitle = {Light of Logic},
  address = {New York}
}
@incollection{floyd2011a,
  author = {Floyd, Juliet},
  date = {2011},
  title = {Wang and Wittgenstein},
  pages = {145–193},
  language = {en},
  booktitle = {Parsons and Link [2011}
}
@incollection{goldfarb-a,
  author = {Goldfarb, William},
  title = {On Gödel's way in: the influence of Rudolf Carnap},
  volume = {2006},
  pages = {242–251},
  language = {fy},
  booktitle = {Feferman et al}
}
@article{grossi-a,
  author = {Grossi, Marie [2012] with Montgomery Link, Katalin Makkai and Parsons, Charles},
  title = {A Bibliography of Hao Wang},
  volume = {III},
  pages = {1–17,},
  note = {reprinted in Parsons and Link [2011], 195-216.},
  language = {en},
  journal = {Philosophia Mathematica}
}
@incollection{hegel1840a,
  author = {Hegel, Georg Wilhelm Friedrich},
  title = {Lectures on the History of Philosophy},
  date = {1840},
  publisher = {Routledge and Kegan Paul},
  language = {en},
  booktitle = {translated by Haldane and Simon [1892, reprinted 1974},
  address = {London}
}
@book{heijenoort1967a,
  author = {Heijenoort and Jean},
  date = {1967},
  title = {From Frege to Gödel: A Source Book in Mathematical Logic, 1879 – 1931},
  publisher = {Harvard University Press},
  language = {en}
}
@incollection{jandovitz2011a,
  author = {Jandovitz, Richard and Link, Montgomery},
  date = {2011},
  title = {Hao Wang’s Chinese writings},
  pages = {15–26},
  language = {en},
  booktitle = {Parsons and Link [2011}
}
@incollection{koehler2011a,
  author = {Köhler, Eckehart},
  date = {2011},
  title = {Collaborating with Hao Wang on Gödel’s Philosophy},
  language = {en},
  booktitle = {Parsons and Link}
}
@misc{unknown2011a,
  date = {2011},
  pages = {55–72}
}
@book{mccorduck1979a,
  author = {McCorduck, Pamela and K, A.},
  date = {1979},
  title = {Machines Who Think},
  publisher = {Peters},
  language = {en},
  address = {Natick, MA}
}
@book{merton1965a,
  author = {Merton, Thomas},
  date = {1965},
  title = {The Way of Chuang Tzu},
  publisher = {New York},
  language = {en},
  address = {New Directions}
}
@incollection{parsons2011a,
  author = {Parsons, Charles},
  date = {2011},
  title = {Hao Wang as Philosopher},
  pages = {7–14},
  language = {en},
  booktitle = {Parsons and Link [2011}
}
@article{parsons2002a,
  author = {Parsons, Charles},
  date = {2002},
  title = {Hao Wang and Mathematical Logic},
  language = {en},
  journal = {APA Newsletter for Asian and Asian-American}
}
@misc{unknown-b,
  title = {Philosophers and Philosophies},
  language = {en},
  address = {Spring}
}
@article{unknown-c,
  author = {[1998, __________},
  title = {Hao Wang as philosopher and as interpreter of Gödel},
  volume = {3},
  language = {en},
  journal = {Philosophia Mathematica},
  number = {6}
}
@misc{unknown-d,
  pages = {3–24}
}
@article{unknown1996a,
  author = {},
  date = {1996},
  title = {In Memoriam: Hao Wang 1921–1995”},
  volume = {2},
  pages = {111},
  language = {id},
  journal = {The Bulletin of Symbolic Logic},
  number = {1}
}
@book{parsons2011b,
  author = {Parsons, Charles and Link, Montgomery},
  date = {2011},
  editor = {editors},
  title = {Hao Wang: Logician and Philosopher},
  volume = {16},
  publisher = {College Publications},
  language = {en},
  series = {Texts in Philosophy Series},
  address = {King’s College London, Strand, London, UK}
}
@book{quine1985a,
  author = {Quine, Willard van Orman},
  date = {1985},
  title = {The Time of My Life: An Autobiography},
  publisher = {MIT Press},
  language = {en}
}
@book{quine1954a,
  author = {Quine, Willard van Orman},
  date = {1954},
  title = {From a Logical Point of View},
  publisher = {Harvard University Press},
  edition = {revised edition [1961},
  language = {en}
}
@article{quine1951a,
  author = {Quine, Willard van Orman},
  date = {1951},
  title = {Two Dogmas of Empiricism},
  volume = {60},
  pages = {20–43,},
  language = {en},
  journal = {originally in The Philosophical Review}
}
@misc{unknown-e,
  note = {reprinted in Quine [1954] and revised in [1961].},
  language = {en}
}
@article{unknown1937a,
  author = {},
  date = {1937},
  title = {New Foundations for Mathematical Logic},
  volume = {44},
  pages = {70–80,},
  language = {en},
  journal = {American Mathematical Monthly}
}
@misc{quine1953a,
  author = {Quine},
  date = {1953}
}
@book{russell-a,
  author = {Russell, Bertrand},
  title = {The Basic Writings of Bertrand Russell (1903-1959},
  publisher = {Simon and Schuster},
  language = {en},
  address = {New York}
}
@incollection{russell1922a,
  author = {Russell, Bertrand},
  date = {1922},
  title = {Chinese and Western Civilizations Contrasted},
  language = {en},
  booktitle = {from The Problem of China}
}
@misc{russell1967a,
  author = {Russell},
  date = {1967}
}
@article{schilpp1986a,
  author = {Schilpp, Paul Arthur},
  date = {1986},
  editor = {editor},
  title = {The Philosophy of W},
  volume = {18},
  publisher = {Library of Living Philosophers},
  language = {en},
  journal = {V. Quine}
}
@book{tierney2015a,
  author = {Tierney, Hanna},
  date = {2015},
  title = {FiveMyles: An Exhibition and Performance Space Where Art and Community Connect},
  publisher = {Toppan Printing Co},
  language = {en},
  address = {Ltd}
}
@book{wang1996a,
  author = {Wang, Hao},
  date = {1996},
  title = {A Logical Journey: From Gödel to Philosophy},
  publisher = {MIT Press},
  language = {en},
  address = {Cambridge, Mass}
}
@misc{wang1993a,
  author = {Wang, Hao},
  date = {1993},
  title = {From Kunming to New York},
  note = {Chinese). Dusha Monthly (May), 140-143, English translation in Parsons et al.},
  volume = {2011},
  pages = {39–47},
  language = {en}
}
@book{wang1987a,
  author = {Wang, Hao},
  date = {1987},
  title = {Reflections on Kurt Gödel},
  publisher = {MIT Press},
  language = {hu},
  address = {Cambridge, Mass}
}
@misc{wang1987b,
  author = {Wang, Hao},
  date = {1987},
  title = {The way of Jin Yuelin},
  publisher = {Institute of Philosophical Research, Chinese Academy},
  language = {en},
  type = {(Chinese),}
}
@incollection{social-a,
  editor = {Science, Social},
  title = {Studies in Jin Yuelin’s Thought, 45–50 (Chingdu Sichuan People’s Publishing Com},
  pages = {27–38},
  language = {en},
  booktitle = {English translation in Parsons and Link [2011}
}
@book{social1986a,
  author = {Science, Social},
  date = {1986},
  title = {Beyond Analytic Philosophy},
  publisher = {MIT Press},
  language = {de},
  address = {Cambridge, Mass}
}
@article{social1982a,
  author = {Science, Social},
  date = {1982},
  title = {Memories related to Professor Jin Yuelin” (Chinese},
  volume = {},
  language = {en},
  journal = {Wide Angle Monthly},
  number = {122}
}
@misc{parsons2011c,
  citation-number = {61-63,},
  author = {Parsons, English and Link},
  date = {2011},
  pages = {27–36}
}
@incollection{parsons1977a,
  author = {Parsons, English},
  date = {1977},
  title = {Large Sets},
  pages = {309–333},
  language = {en},
  booktitle = {Butts and Hintikka [1977}
}
@misc{parsons2011d,
  citation-number = {61-63,},
  author = {Parsons, English},
  date = {2011},
  pages = {27–36}
}
@misc{parsons1974a,
  author = {Parsons, English},
  date = {1974},
  title = {From Mathematics to Philosophy (Humanities Press},
  language = {en},
  address = {New York}
}
@article{parsons1961a,
  author = {Parsons, English},
  date = {1961},
  title = {Proving theorems by pattern recognition—II"},
  volume = {40},
  pages = {1–41},
  language = {en},
  journal = {Bell System Technical Journal},
  number = {1}
}
@article{parsons1965a,
  author = {Parsons, English},
  date = {1965},
  title = {Games, logic and computers},
  volume = {213},
  pages = {98–106},
  language = {en},
  journal = {Scientific American},
  number = {5}
}
@article{parsons1950a,
  author = {Parsons, English},
  date = {1950},
  title = {A formal system of logic},
  volume = {15},
  pages = {25–32},
  language = {en},
  journal = {Journal of Symbolic Logic}
}
@misc{yu2001a,
  author = {Yu, Henry},
  date = {2001},
  title = {Thinking Orientals: Migration, Contact, and Exoticism in Modern America},
  language = {en},
  address = {New York, NY}
}
@book{unknown-f,
  publisher = {Oxford University Press},
  language = {ht}
}
@incollection{zhaowu1995a,
  author = {Zhaowu, He},
  date = {1995},
  title = {Remembering Wang Hao},
  language = {en},
  booktitle = {Chinese), Southwest Associated Alumni Newsletter}
}
@misc{jandovitz2011b,
  author = {Jandovitz, Richard and Parsons, Montgomery Link and Link},
  date = {2011},
  pages = {49–53}
}

