% @article{knuth84,
%   author = {Knuth, Donald E.},
%   title = {Literate Programming},
%   year = {1984},
%   issue_date = {May 1984},
%   publisher = {Oxford University Press, Inc.},
%   address = {USA},
%   volume = {27},
%   number = {2},
%   issn = {0010-4620},
%   url = {https://doi.org/10.1093/comjnl/27.2.97},
%   doi = {10.1093/comjnl/27.2.97},
%   journal = {Comput. J.},
%   month = may,
%   pages = {97–111},
%   numpages = {15}
% }

@article{Berger1966,
  author = {Berger, Robert},
  title = {The Undecidability of the Domino Problem},
  journal = {Memoirs of the American Mathematical Society},
  year = {1966},
  volume = {66},
  pages = {72}
}

@book{ButtsHintikka1977,
  editor = {Butts, Robert and Jaakko Hintikka},
  title = {Logic, Foundations of Mathematics, and Computability Theory},
  year = {1977},
  publisher = {Reidel},
  address = {Dordecht}
}

@incollection{Davis2011,
  author = {Davis, Martin},
  title = {Hao Wang’s Contribution to Mechanized Deduction and to the Entscheidunsproblem},
  booktitle = {Logic, Foundations of Mathematics, and Computability Theory},
  editor = {Parsons, Charles and Link, Montgomery},
  year = {2011},
  pages = {73--118}
}

@incollection{Egan1995,
  author = {Egan, Greg},
  title = {Wang's Carpets},
  booktitle = {New Legends},
  editor = {Bear, Greg},
  year = {1995},
  publisher = {Legend},
  address = {London}
}

@book{Feferman2006,
  author = {Feferman, Solomon and Parson, Charles and Simpson, Steven},
  title = {Kurt Gödel: Essays for His Centennial},
  year = {2006},
  publisher = {Cambridge University Press}
}

@incollection{Feferman2005,
  author = {Feferman, Solomon},
  title = {Predicativity},
  booktitle = {The Oxford Handbook of Philosophy of Mathematics and Logic},
  editor = {Shapiro, S.},
  year = {2005},
  publisher = {Oxford University Press},
  address = {Oxford},
  pages = {590-624}
}

@book{Feferman1998,
  author = {Feferman, Solomon},
  title = {In the Light of Logic},
  year = {1998},
  publisher = {Oxford University Press},
  address = {New York}
}

@incollection{Floyd2011,
  author = {Floyd, Juliet},
  title = {Wang and Wittgenstein},
  booktitle = {Logic, Foundations of Mathematics, and Computability Theory},
  editor = {Parsons, Charles and Link, Montgomery},
  year = {2011},
  pages = {145-193}
}

@incollection{Goldfarb2006,
  author = {Goldfarb, William},
  title = {On Gödel's way in: the influence of Rudolf Carnap},
  booktitle = {Kurt Gödel: Essays for His Centennial},
  editor = {Feferman, Solomon and others},
  year = {2006},
  pages = {242-251}
}

@article{Grossi2012,
  author = {Grossi, Marie and Link, Montgomery and Makkai, Katalin and Parsons, Charles},
  title = {A Bibliography of Hao Wang},
  journal = {Philosophia Mathematica},
  year = {2012},
  volume = {III},
  pages = {1-17}
}

@book{Hegel1840,
  author = {Hegel, Georg Wilhelm Friedrich},
  title = {Lectures on the History of Philosophy},
  year = {1840},
  translator = {Haldane, E. and Simon, F.},
  publisher = {Routledge and Kegan Paul},
  address = {London}
}

@book{Heijenoort1967,
  author = {van Heijenoort, Jean},
  title = {From Frege to Gödel: A Source Book in Mathematical Logic, 1879 – 1931},
  year = {1967},
  publisher = {Harvard University Press}
}

@incollection{Jandovitz2011,
  author = {Jandovitz, Richard and Link, Montgomery},
  title = {Hao Wang’s Chinese writings},
  booktitle = {Logic, Foundations of Mathematics, and Computability Theory},
  editor = {Parsons, Charles and Link, Montgomery},
  year = {2011},
  pages = {15-26}
}

@incollection{Kohler2011,
  author = {Köhler, Eckehart},
  title = {Collaborating with Hao Wang on Gödel’s Philosophy},
  booktitle = {Logic, Foundations of Mathematics, and Computability Theory},
  editor = {Parsons, Charles and Link, Montgomery},
  year = {2011},
  pages = {55-72}
}

@book{McCorduck1979,
  author = {McCorduck, Pamela},
  title = {Machines Who Think},
  year = {1979},
  publisher = {A. K. Peters},
  address = {Natick, MA}
}

@book{merton1965,
  author = {Merton, Thomas},
  title = {The Way of Chuang Tzu},
  year = {1965},
  publisher = {New Directions},
  address = {New York}
}

@incollection{parsons2011,
  author = {Parsons, Charles},
  title = {Hao Wang as Philosopher},
  booktitle = {Hao Wang: Logician and Philosopher},
  editor = {Parsons, Charles and Link, Montgomery},
  year = {2011},
  pages = {7-14},
  publisher = {College Publications},
  address = {London}
}

@article{parsons2002,
  author = {Parsons, Charles},
  title = {Hao Wang and Mathematical Logic},
  journal = {APA Newsletter for Asian and Asian-American Philosophers and Philosophies},
  year = {2002},
  note = {Spring}
}

@article{parsons1998,
  author = {Parsons, Charles},
  title = {Hao Wang as philosopher and as interpreter of Gödel},
  journal = {Philosophia Mathematica},
  year = {1998},
  volume = {3},
  number = {6},
  pages = {3-24}
}

@article{parsons1996,
  author = {Parsons, Charles},
  title = {In Memoriam: Hao Wang 1921–1995},
  journal = {The Bulletin of Symbolic Logic},
  year = {1996},
  volume = {2},
  number = {1},
  pages = {111}
}

@book{parsonslink2011,
  editor = {Parsons, Charles and Link, Montgomery},
  title = {Hao Wang: Logician and Philosopher},
  year = {2011},
  publisher = {College Publications},
  address = {London},
  series = {Texts in Philosophy},
  volume = {16}
}

@book{quine1985,
  author = {Quine, Willard van Orman},
  title = {The Time of My Life: An Autobiography},
  year = {1985},
  publisher = {MIT Press}
}

@book{quine1954,
  author = {Quine, Willard van Orman},
  title = {From a Logical Point of View},
  year = {1954},
  publisher = {Harvard University Press},
  note = {Revised edition 1961}
}

@article{quine1951,
  author = {Quine, Willard van Orman},
  title = {Two Dogmas of Empiricism},
  journal = {The Philosophical Review},
  year = {1951},
  volume = {60},
  pages = {20-43},
  note = {Reprinted in Quine [1954], Revised in [1961]}
}

@article{quine1937,
  author = {Quine, Willard van Orman},
  title = {New Foundations for Mathematical Logic},
  journal = {American Mathematical Monthly},
  year = {1937},
  volume = {44},
  pages = {70-80},
  note = {Reprinted in Quine [1953]}
}

@book{russell1967,
  author = {Russell, Bertrand},
  title = {The Basic Writings of Bertrand Russell},
  year = {1967},
  publisher = {Simon and Schuster},
  address = {New York}
}

@incollection{russell1922,
  author = {Russell, Bertrand},
  title = {Chinese and Western Civilizations Contrasted},
  booktitle = {The Problem of China},
  year = {1922},
  editor = {Russell, Bertrand},
  publisher = {Simon and Schuster},
  address = {New York}
}

@book{schilpp1986,
  editor = {Schilpp, Paul Arthur},
  title = {The Philosophy of W. V. Quine},
  year = {1986},
  volume = {18},
  series = {Library of Living Philosophers}
}

@book{tierney2015,
  author = {Tierney, Hanna and others},
  title = {FiveMyles: An Exhibition and Performance Space Where Art and Community Connect},
  year = {2015},
  publisher = {Toppan Printing Co., Ltd.},
  address = {China}
}

@book{wang1996,
  author = {Wang, Hao},
  title = {A Logical Journey: From Gödel to Philosophy},
  year = {1996},
  publisher = {MIT Press},
  address = {Cambridge, Mass}
}

@article{wang1993,
  author = {Wang, Hao},
  title = {From Kunming to New York},
  journal = {Dusha Monthly},
  year = {1993},
  month = may,
  pages = {140-143},
  note = {English translation in Parsons et al. [2011], 39-47}
}

@book{wang1987a,
  author = {Wang, Hao},
  title = {Reflections on Kurt Gödel},
  year = {1987},
  publisher = {MIT Press},
  address = {Cambridge, Mass}
}

@incollection{wang1987b,
  author = {Wang, Hao},
  title = {The way of Jin Yuelin},
  booktitle = {Studies in Jin Yuelin’s Thought},
  year = {1987},
  editor = {Institute of Philosophical Research, Chinese Academy of Social Science},
  pages = {45-50},
  publisher = {Chingdu Sichuan People’s Publishing Com.},
  note = {English translation in Parsons and Link [2011], 27-38}
}

@book{wang1986,
  author = {Wang, Hao},
  title = {Beyond Analytic Philosophy},
  year = {1986},
  publisher = {MIT Press},
  address = {Cambridge, Mass}
}

@article{wang1982,
  author = {Wang, Hao},
  title = {Memories related to Professor Jin Yuelin},
  journal = {Wide Angle Monthly},
  year = {1982},
  number = {122},
  pages = {61-63},
  note = {English translation in Parsons et al. [2011], 27-36}
}

@incollection{wang1977,
  author = {Wang, Hao},
  title = {Large Sets},
  booktitle = {Butts and Hintikka},
  year = {1977},
  pages = {309-333}
}

@book{wang1974,
  author = {Wang, Hao},
  title = {From Mathematics to Philosophy},
  year = {1974},
  publisher = {Humanities Press},
  address = {New York}
}

@article{wang1961,
  author = {Wang, Hao},
  title = {Proving theorems by pattern recognition—II},
  journal = {Bell System Technical Journal},
  year = {1961},
  volume = {40},
  number = {1},
  pages = {1-41}
}

@article{wang1965,
  author = {Wang, Hao},
  title = {Games, logic and computers},
  journal = {Scientific American},
  year = {1965},
  volume = {213},
  number = {5},
  month = nov,
  pages = {98-106}
}

@article{wang1950,
  author = {Wang, Hao},
  title = {A formal system of logic},
  journal = {Journal of Symbolic Logic},
  year = {1950},
  volume = {15},
  pages = {25-32}
}

@book{yu2001,
  author = {Yu, Henry},
  title = {Thinking Orientals: Migration, Contact, and Exoticism in Modern America},
  year = {2001},
  publisher = {Oxford University Press},
  address = {New York, NY}
}

@article{zhaowu1995,
  author = {Zhaowu, He},
  title = {Remembering Wang Hao},
  journal = {Southwest Associated Alumni Newsletter},
  year = {1995},
  note = {translated by Richard Jandovitz and Montgomery Link in Parsons and Link [2011], 49–53}
}

